
@book{el-kareh_electron_1970,
	address = {New York},
	title = {Electron beams, lenses, and optics},
	volume = {1},
	publisher = {Academic Press},
	author = {A. B. {El-Kareh} and J. C. J. {El-Kareh}},
	year = {1970}
},

@article{king:111101,
	author = {Wayne E. King and Geoffrey H. Campbell and Alan Frank and Bryan Reed and John F. Schmerge and Bradley J. Siwick and Brent C. Stuart and Peter M. Weber},
	title = {Ultrafast electron microscopy in materials science, biology, and chemistry},
	publisher = {AIP},
	year = {2005},
	journal = {Journal of Applied Physics},
	volume = {97},
	number = {11},
	eid = {111101},
	numpages = {27},
	pages = {111101},
	keywords = {high-speed optical techniques; reviews; electron diffraction; transmission electron microscopy; space charge; electron guns; cameras},
	url = {http://link.aip.org/link/?JAP/97/111101/1},
	doi = {10.1063/1.1927699}
}

@article{armstrong:114101,
	author = {Michael R. Armstrong and Bryan W. Reed and Ben R. Torralva and Nigel D. Browning},
	title = {Prospects for electron imaging with ultrafast time resolution},
	publisher = {AIP},
	year = {2007},
	journal = {Applied Physics Letters},
	volume = {90},
	number = {11},
	eid = {114101},
	numpages = {3},
	pages = {114101},
	keywords = {electron optics; electron diffraction; high-speed techniques},
	url = {http://link.aip.org/link/?APL/90/114101/1},
	doi = {10.1063/1.2712838}
}

@article{Rose_1948,
	author = {A. Rose},
	title = {Television Pickup Tubes and the Problem of Vision},
	journal = {Advances in Electronics and Electron Physics},
	year = {1948},
	volume = {1},
	pages = {131 - 166},
}

@article{berger_semi-analytic_2010,
	author = {J.A. Berger and W.A. Schroeder},
	title = {Semianalytic model of electron pulse propagation: Magnetic lenses and rf pulse compression cavities},
	publisher = {AIP},
	year = {2010},
	journal = {Journal of Applied Physics},
	volume = {108},
	number = {12},
	eid = {124905},
	numpages = {12},
	pages = {124905},
	keywords = {electron diffraction; electron microscopy; electron optics; magnetic lenses; pulse compression},
	url = {http://link.aip.org/link/?JAP/108/124905/1},
	doi = {10.1063/1.3512847}
},

@article{berger_dc_2009,
	title = {{DC} Photoelectron Gun Parameters for Ultrafast Electron Microscopy},
	volume = {15},
	doi = {{10.1017/S1431927609090266}},
	number = {04},
	journal = {Microscopy and Microanalysis},
	author = {J.A. Berger and J.T. Hogan and M.J. Greco and W.A. Schroeder and A.W. Nicholls and N.D. Browning},
	year = {2009},
	keywords = {electron microscopy, emittance, photoemission, ultrafast},
},

@article{berger_high-power_2008,
	title = {High-power, femtosecond, thermal-lens-shaped {Yb:KGW} oscillator},
	volume = {16},
	shorttitle = {High-power, femtosecond, thermal-lens-shaped Yb},
	doi = {{10.1364/OE.16.008629}},
	abstract = {Thermal lens shaping for astigmatism compensation is extended to a high-power, diode-pumped, {Yb:KGW} laser by employing a gain crystal geometry designed for efficient polarized pumping. The {63MHz} oscillator is soliton mode-locked with the aid of a saturable Bragg reflector to yield 250fs (347fs) pulses at an output power of {3.5W} {(5W).} Frequency doubling of the 250fs pulses with an intrinsic efficiency {\textbackslash}textgreater60\% provides {1.65W} of average green power.},
	number = {12},
	journal = {Optics Express},
	author = {J.A. Berger and M.J. Greco and W.A. Schroeder},
	year = {2008},
	keywords = {Lasers, Thermal effects, Ultrafast lasers, ytterbium }
}


@article{michalik_analytic_2006,
	title = {Analytic model of electron pulse propagation in ultrafast electron diffraction experiments},
	volume = {99},
	doi = {10.1063/1.2178855},
	number = {5},
	journal = {J. Appl. Phys.},
	author = {A. M. Michalik and J. E. Sipe},
	year = {2006},
	keywords = {electron beams, electron diffraction},
	pages = {054908â€“9},
	annote = {Model for free propagation of electron pulses.}
},

@article{togawa_ceb6_2007,
  title = {{CeB}$_{6}$ electron gun for low-emittance injector},
  author = {Togawa, K.  and Shintake, T.  and Inagaki, T.  and Onoe, K.  and Tanaka, T.  and Baba, H.  and Matsumoto, H. },
  journal = {Phys. Rev. ST Accel. Beams},
  volume = {10},
  number = {2},
  pages = {020703},
  numpages = {10},
  year = {2007},
  month = {feb},
  doi = {10.1103/PhysRevSTAB.10.020703},
}

@article{zawadzka_evanescent,
  author = {Justyna Zawadzka and Dino A. Jaroszynski and John J. Carey and Klaas Wynne},
  title = {Evanescent-wave acceleration of ultrashort electron pulses},
  publisher = {AIP},
  year = {2001},
  journal = {Applied Physics Letters},
  volume = {79},
  number = {14},
  pages = {2130-2132},
  keywords = {silver; gold; metallic thin films; surface plasmons; electron field emission; photoemission},
  url = {http://link.aip.org/link/?APL/79/2130/1},
  doi = {10.1063/1.1406562}
}
